@String{cgforum = "Computer Graphics Forum"}
@String{tog = "ACM TOG"}

@article{Buhmann:1998:DCQ,
	AUTHOR = {J. M. Buhmann and D. W. Fellner and M. Held and J.
		Ketterer and J. Puzicha},
	TITLE = {Dithered Color Quantization},
	JOURNAL = cgforum,
	EDITOR = {N. Ferreira and M. G\"{o}bel},
	VOLUME = {17},	NUMBER = {3},
	MONTH = Sep,	YEAR = {1998},	PAGES = {C219-C231},
	DOI = {10.1111/1467-8659.00269},
  NOTE = {(Proc. Eurographics'98)
	       \httpsAddr{//diglib.eg.org/handle/10.2312/8491}} }

@ARTICLE{Fellner-Helmberg93,
	AUTHOR = {Fellner, Dieter W. and Helmberg, Christoph},
	TITLE = {Robust Rendering of General Ellipses and Elliptical Arcs},
	JOURNAL = tog,
	VOLUME = {12},	NUMBER = {3},
	MONTH = Jul,	YEAR = {1993},	PAGES = {251-276},
  DOI= {10.1145/169711.169704}
  }

@BOOK (FolDamFeiHug.etal93,
	AUTHOR = {Foley, James D. and van Dam, Andries and
		Feiner, Stephen K. and Hughes, John F. and Phillips, R.},
	TITLE = {Introduction to Computer Graphics},
	PUBLISHER = {Addison-Wesley},
	YEAR = {1993} )

@ARTICLE{Kobbelt97-USHDR,
	author = {L. Kobbelt and M. Stamminger and H.-P. Seidel},
	title = {Using Subdivision on Hierarchical Data to Reconstruct Radiosity
		Distribution},
	JOURNAL = cgforum,
	volume = 16,	number = 3,	pages = {C347-C355},
	year = 1997,
	DOI = {10.1111/1467-8659.16.3conferenceissue.36},
	note = {(Proc. Eurographics'97)
	       \httpsAddr{//diglib.eg.org/handle/10.2312/8393}} }

@INPROCEEDINGS{Lafortune97-NARF,
	author = {Eric P. Lafortune and Sing-Choong Foo and Kenneth E. Torrance and
		Donald P. Greenberg},
	title = {Non-Linear Approximation of Reflectance Functions},
	booktitle = {Proc. SIGGRAPH '97},
	volume = 31,	pages = {117-126},
	year = 1997,
	DOI = {10.1145/258734.258801}
  }

@ARTICLE {Lous90,
	AUTHOR = {Y. Le Lous},
	TITLE = {Report on the {F}irst {E}urographics {W}orkshop on {V}isualization in
		{S}cientific {C}omputing},
	JOURNAL = cgforum,
	VOLUME = {9},	NUMBER = {4},
	MONTH = dec,	YEAR = {1990},	PAGES = {371-372},
  DOI= {10.1111/j.1467-8659.1990.tb00430.x}
  }

@ARTICLE {Seidel93,
	AUTHOR = {Seidel, Hans-Peter},
	TITLE = {Polar Forms for Geometrically Continuous Spline Curves of
		Arbitrary Degree},
	JOURNAL = tog,
	VOLUME = {12},	NUMBER = {1},
	MONTH = Jan,	YEAR = {1993},	PAGES = {1-34},
  DOI= {10.1145/169728.169726}
  }


@article{bertschinger1991cosmological,
  title={Cosmological N-Body Simulations: Modern Simulations Use Millions of Particles to Follow Thousands of Galaxies in a Large Volume of Space},
  author={Bertschinger, Edmund and Gelb, James M},
  journal={Computers in Physics},
  volume={5},
  number={2},
  pages={164--179},
  year={1991},
  publisher={American Institute of Physics}
}

@article{dubinski2008visualizing,
  title={Visualizing astrophysical N-body systems},
  author={Dubinski, John},
  journal={New Journal of Physics},
  volume={10},
  number={12},
  pages={125002},
  year={2008},
  publisher={IOP Publishing}
}

@article{sasaki2018particle,
  title={Particle Number Dependence of the N-body Simulations of Moon Formation},
  author={Sasaki, Takanori and Hosono, Natsuki},
  journal={The Astrophysical Journal},
  volume={856},
  number={2},
  pages={175},
  year={2018},
  publisher={IOP Publishing}
}
