@String{cgforum = "Computer Graphics Forum"}
@String{tog = "ACM TOG"}

@article{bertschinger1991cosmological,
  title={Cosmological N-Body Simulations: Modern Simulations Use Millions of Particles to Follow Thousands of Galaxies in a Large Volume of Space},
  author={Bertschinger, Edmund and Gelb, James M},
  journal={Computers in Physics},
  volume={5},
  number={2},
  pages={164--179},
  year={1991},
  publisher={American Institute of Physics}
}

@article{dubinski2008visualizing,
  title={Visualizing astrophysical N-body systems},
  author={Dubinski, John},
  journal={New Journal of Physics},
  volume={10},
  number={12},
  pages={125002},
  year={2008},
  publisher={IOP Publishing}
}

@article{sasaki2018particle,
  title={Particle Number Dependence of the N-body Simulations of Moon Formation},
  author={Sasaki, Takanori and Hosono, Natsuki},
  journal={The Astrophysical Journal},
  volume={856},
  number={2},
  pages={175},
  year={2018},
  publisher={IOP Publishing}
}

